<record xmlns="http://www.loc.gov/MARC21/slim" xmlns:xsi="http://www.w3.org/2001/XMLSchema-instance" xsi:schemaLocation="http://www.loc.gov/MARC21/slim http://www.loc.gov/standards/marcxml/schema/MARC21slim.xsd"><leader>     nam a22        4500</leader><controlfield tag="001">3063304</controlfield><controlfield tag="003">NNC</controlfield><controlfield tag="006">m        d        </controlfield><controlfield tag="007">cr cn |||m|||a</controlfield><controlfield tag="008">150316s194u    ua      o     000 0 ara d</controlfield><datafield ind1=" " ind2=" " tag="040"><subfield code="a">NNU</subfield><subfield code="b">eng</subfield><subfield code="e">rda</subfield><subfield code="c">NNU</subfield></datafield><datafield ind1="0" ind2=" " tag="100"><subfield code="6">880-01</subfield><subfield code="a">Suyu&#772;t&#803;i&#772;,</subfield><subfield code="d">1445-1505.</subfield></datafield><datafield ind1="1" ind2="0" tag="245"><subfield code="6">880-02</subfield><subfield code="a">I&#699;la&#772;m al-ari&#772;b bi-h&#803;udu&#772;th bid&#699;at al-mah&#803;a&#772;ri&#772;b :</subfield><subfield code="b">Wa-ma&#699;aha&#772; ta&#699;li&#772;qa&#772;t tubaiyin ma&#772; fi&#772;ha&#772; min ghalat wa-sahw li-&#699;Abd Alla&#772;h Muh&#803;ammad al-S&#803;iddi&#772;q.</subfield></datafield><datafield ind1=" " ind2=" " tag="260"><subfield code="6">880-03</subfield><subfield code="a">[Mis&#803;r] :</subfield><subfield code="b">Mat&#803;b&#699;at al-Sharq,</subfield><subfield code="c">[194-?]</subfield></datafield><datafield ind1=" " ind2=" " tag="300"><subfield code="a">online resource (39 pages)</subfield></datafield><datafield ind1=" " ind2=" " tag="336"><subfield code="a">text</subfield><subfield code="2">rdacontent</subfield></datafield><datafield ind1=" " ind2=" " tag="337"><subfield code="a">computer</subfield><subfield code="2">rdamedia</subfield></datafield><datafield ind1=" " ind2=" " tag="338"><subfield code="a">online resource</subfield><subfield code="2">rdacarrier</subfield></datafield><datafield ind1=" " ind2=" " tag="500"><subfield code="a">Part of the Arabic Collections Online (ACO) project, contributed by Columbia University Libraries.</subfield></datafield><datafield ind1=" " ind2=" " tag="533"><subfield code="a">Electronic reproduction.</subfield><subfield code="b">New York, N.Y. :</subfield><subfield code="c">New York University,</subfield><subfield code="d">2015.</subfield><subfield code="5">NNU</subfield></datafield><datafield ind1=" " ind2="0" tag="650"><subfield code="a">Islamic law.</subfield></datafield><datafield ind1=" " ind2="0" tag="650"><subfield code="a">Mosques.</subfield></datafield><datafield ind1=" " ind2="7" tag="650"><subfield code="a">Islamic law.</subfield><subfield code="2">fast</subfield><subfield code="0">(OCoLC)fst00979949</subfield></datafield><datafield ind1=" " ind2="7" tag="650"><subfield code="a">Mosques.</subfield><subfield code="2">fast</subfield><subfield code="0">(OCoLC)fst01026761</subfield></datafield><datafield ind1="1" ind2=" " tag="700"><subfield code="6">880-04</subfield><subfield code="a">S&#803;iddi&#772;q, &#699;Abd Alla&#772;h.</subfield></datafield><datafield ind1="2" ind2=" " tag="710"><subfield code="a">Columbia University.</subfield><subfield code="b">Libraries.</subfield></datafield><datafield ind1="0" ind2=" " tag="730"><subfield code="a">Arabic Collections Online.</subfield></datafield><datafield ind1="0" ind2="8" tag="776"><subfield code="i">Print version:</subfield><subfield code="a">Suyu&#772;t&#803;i&#772;, 1445-1505.</subfield><subfield code="t">I&#699;la&#772;m al-ari&#772;b bi-h&#803;udu&#772;th bid&#699;at al-mah&#803;a&#772;ri&#772;b</subfield><subfield code="w">(NNC)3063304</subfield><subfield code="w">(OCoLC)47757223</subfield></datafield><datafield ind1="4" ind2="0" tag="856"><subfield code="u">http://hdl.handle.net/2333.1/73n5tdcc</subfield></datafield><datafield ind1="0" ind2=" " tag="880"><subfield code="6">100-01/r</subfield><subfield code="a">&#1587;&#1610;&#1608;&#1591;&#1610;&#1548;</subfield><subfield code="d">1445-1505.</subfield></datafield><datafield ind1="1" ind2="0" tag="880"><subfield code="6">245-02/r</subfield><subfield code="a">&#1575;&#1593;&#1604;&#1575;&#1605; &#1575;&#1604;&#1575;&#1585;&#1610;&#1576; &#1576;&#1581;&#1583;&#1608;&#1579; &#1576;&#1583;&#1593;&#1577; &#1575;&#1604;&#1605;&#1581;&#1575;&#1585;&#1610;&#1576; :</subfield><subfield code="b">&#1608;&#1605;&#1593;&#1607;&#1575; &#1578;&#1593;&#1604;&#1610;&#1602;&#1575;&#1578; &#1578;&#1576;&#1610;&#1606; &#1605;&#1575; &#1601;&#1610;&#1607;&#1575; &#1605;&#1606; &#1594;&#1604;&#1577; &#1608;&#1587;&#1607;&#1608; &#1604;&#1593;&#1576;&#1583; &#1575;&#1604;&#1604;&#1607; &#1605;&#1581;&#1605;&#1583; &#1575;&#1604;&#1589;&#1583;&#1610;&#1602;.</subfield></datafield><datafield ind1=" " ind2=" " tag="880"><subfield code="6">260-03/r</subfield><subfield code="a">[&#1605;&#1589;&#1585;] :</subfield><subfield code="b">&#1605;&#1591;&#1576;&#1593;&#1577; &#1575;&#1604;&#1588;&#1585;&#1602;&#1548;</subfield><subfield code="c">[194&#1567;]</subfield></datafield><datafield ind1="1" ind2=" " tag="880"><subfield code="6">700-04/r</subfield><subfield code="a">&#1589;&#1583;&#1610;&#1602;&#1548; &#1593;&#1576;&#1583; &#1575;&#1604;&#1604;&#1607;.</subfield></datafield><datafield ind1=" " ind2=" " tag="959"><subfield code="a">NNU</subfield><subfield code="b">WEB</subfield><subfield code="c">GENI</subfield><subfield code="t">0</subfield><subfield code="m">Electronic access</subfield><subfield code="s">01</subfield></datafield><datafield ind1=" " ind2=" " tag="999"><subfield code="i">NNC_3063304</subfield><subfield code="o">(OCoLC)ocm47757223</subfield><subfield code="e">(ERROR-880)</subfield><subfield code="s">columbia_aco000366</subfield></datafield></record>